@article{kauffman1969,
  title={Homeostasis and differentiation in random genetic control networks},
  author={Kauffman, Stuart},
  journal={Nature},
  volume={224},
  pages={177--178},
  year={1969}
}

@article{marx2013,
  title={Biology: The big challenges of big data},
  author={Marx, Vivien},
  journal={Nature},
  volume={498},
  number={7453},
  pages={255--260},
  year={2013},
  publisher={Nature Research}
}

@book{c.h1994,
  title={Computational complexity},
  author={Papadimitriou, Christos H},
  year={2003},
  publisher={John Wiley and Sons Ltd.}
}

@article{folschette2015,
  title={Sufficient conditions for reachability in automata networks with priorities},
  author={Folschette, Maxime and Paulev{\'e}, Lo{\"\i}c and Magnin, Morgan and Roux, Olivier},
  journal={Theoretical Computer Science},
  volume={608},
  pages={66--83},
  year={2015},
  publisher={Elsevier}
}

@article{daws1998,
  title={Model checking of real-time reachability properties using abstractions},
  author={Daws, Conrado and Tripakis, Stavros},
  journal={Tools and Algorithms for the Construction and Analysis of Systems},
  pages={313--329},
  year={1998},
  publisher={Springer}
}

@article{pauleve2012,
  title={Static analysis of biological regulatory networks dynamics using abstract interpretation},
  author={Paulev{\'e}, Lo{\"\i}c and Magnin, Morgan and Roux, Olivier},
  journal={Mathematical Structures in Computer Science},
  volume={22},
  number={04},
  pages={651--685},
  year={2012},
  publisher={Cambridge Univ Press}
}

@article{mayr1984,
  title={An algorithm for the general {P}etri net reachability problem},
  author={Mayr, Ernst W},
  journal={SIAM Journal on computing},
  volume={13},
  number={3},
  pages={441--460},
  year={1984},
  publisher={SIAM}
}

@article{thomas1978,
  title={Logical analysis of systems comprising feedback loops},
  author={Thomas, Ren{\'e}},
  journal={Journal of Theoretical Biology},
  volume={73},
  number={4},
  pages={631--656},
  year={1978},
  publisher={Elsevier}
}

@article{wozna2003,
  title={Checking reachability properties for timed automata via {SAT}},
  author={Wo{\'z}na, Bo{\.z}ena and Zbrzezny, Andrzej and Penczek, Wojciech},
  journal={Fundamenta Informaticae},
  volume={55},
  number={2},
  pages={223--241},
  year={2003},
  publisher={IOS Press}
}


@article{bernot2009,
  title={Behaviour preservation of a biological regulatory network when embedded into a larger network},
  author={Bernot, Gilles and Tahi, Fariza},
  journal={Fundamenta Informaticae},
  volume={91},
  number={3-4},
  pages={463--485},
  year={2009},
  publisher={IOS Press}
}

@InBook{pauleve2014,
    author = {Paulev{\'e}, Lo{\"i}c and Chancellor, Courtney and Folschette, Maxime and Magnin, Morgan and Roux, Olivier},
    chapter = {Analyzing Large Network Dynamics with Process Hitting},
    pages = "125 - 166",
    title = {Logical Modeling of Biological Systems},
    publisher = "Wiley",
    year = "2014",
    class = "chapter",
    file = "PCFMR14-chapterLMBS.pdf:PCFMR14-chapterLMBS.pdf:PDF",
    owner = "pauleve",
    pdf = "https://hal.archives-ouvertes.fr/hal-01060490/file/PCFMR14-chapterLMBS.pdf",
    timestamp = "2014.06.16",
    url = "http://eu.wiley.com/WileyCDA/WileyTitle/productCd-1848216807.html"
}
%editor = "del Cerro, Luis Fari{\\textasciitilde n}as and Inoue, Katsumi",

@incollection{pauleve2011,
  title={Refining dynamics of gene regulatory networks in a stochastic $\pi$-calculus framework},
  author={Paulev{\'e}, Lo{\"\i}c and Magnin, Morgan and Roux, Olivier},
  booktitle={Transactions on computational systems biology xiii},
  pages={171--191},
  year={2011},
  publisher={Springer}
}

@article{tarjan1972,
  title={Depth-first search and linear graph algorithms},
  author={Tarjan, Robert},
  journal={SIAM journal on computing},
  volume={1},
  number={2},
  pages={146--160},
  year={1972},
  publisher={SIAM}
}

@article{esparza1998,
  title={Reachability in live and safe free-choice {P}etri nets is {NP}-complete},
  author={Esparza, Javier},
  journal={Theoretical Computer Science},
  volume={198},
  number={1-2},
  pages={211--224},
  year={1998},
  publisher={Elsevier}
}

@inproceedings{clarke20142,
  title={$2^5$ Years of Model Checking},
  author={Clarke, Edmund M and Wang, Qinsi},
  booktitle={International Andrei Ershov Memorial Conference on Perspectives of System Informatics},
  pages={26--40},
  year={2014},
  organization={Springer}
}

@inproceedings{pauleve2016goal,
  title={Goal-oriented reduction of automata networks},
  author={Paulev{\'e}, Lo{\"\i}c},
  booktitle={International Conference on Computational Methods in Systems Biology},
  pages={252--272},
  year={2016},
  organization={Springer}
}

@article{akutsu2007control,
  title={Control of Boolean networks: Hardness results and algorithms for tree structured networks},
  author={Akutsu, Tatsuya and Hayashida, Morihiro and Ching, Wai-Ki and Ng, Michael K},
  journal={Journal of theoretical biology},
  volume={244},
  number={4},
  pages={670--679},
  year={2007},
  publisher={Elsevier}
}

@article{hopfensitz2013attractors,
  title={Attractors in Boolean networks: a tutorial},
  author={Hopfensitz, Martin and M{\"u}ssel, Christoph and Maucher, Markus and Kestler, Hans A},
  journal={Computational Statistics},
  volume={28},
  number={1},
  pages={19--36},
  year={2013},
  publisher={Springer}
}

@article{barrett2006complexity,
  title={Complexity of reachability problems for finite discrete dynamical systems},
  author={Barrett, Christopher L and Hunt, Harry B and Marathe, Madhav V and Ravi, SS and Rosenkrantz, Daniel J and Stearns, Richard E},
  journal={Journal of Computer and System Sciences},
  volume={72},
  number={8},
  pages={1317--1345},
  year={2006},
  publisher={Elsevier}
}

@article{wiley2003computational,
  title={Computational modeling of the {EGF}-receptor system: a paradigm for systems biology},
  author={Wiley, H Steven and Shvartsman, Stanislav Y and Lauffenburger, Douglas A},
  journal={Trends in cell biology},
  volume={13},
  number={1},
  pages={43--50},
  year={2003},
  publisher={Elsevier}
}

@inproceedings{bockmayr2002using,
  title={Using hybrid concurrent constraint programming to model dynamic biological systems},
  author={Bockmayr, Alexander and Courtois, Arnaud},
  booktitle={International Conference on Logic Programming},
  pages={85--99},
  year={2002},
  organization={Springer}
}

@article{bortolussi2008modeling,
  title={Modeling biological systems in stochastic concurrent constraint programming},
  author={Bortolussi, Luca and Policriti, Alberto},
  journal={Constraints},
  volume={13},
  number={1},
  pages={66--90},
  year={2008},
  publisher={Springer}
}

@article{burch1992symbolic,
  title={Symbolic model checking: $10^{20}$ states and beyond},
  author={Burch, Jerry R and Clarke, Edmund M and McMillan, Kenneth L and Dill, David L and Hwang, Lain-Jinn},
  journal={Information and computation},
  volume={98},
  number={2},
  pages={142--170},
  year={1992},
  publisher={Elsevier}
}

@inproceedings{abdulla2000symbolic,
  title={Symbolic reachability analysis based on {SAT}-solvers},
  author={Abdulla, Parosh Aziz and Bjesse, Per and E{\'e}n, Niklas},
  booktitle={International Conference on Tools and Algorithms for the Construction and Analysis of Systems},
  pages={411--425},
  year={2000},
  organization={Springer}
}

@article{pearson1905problem,
  title={The problem of the random walk},
  author={Pearson, Karl},
  journal={Nature},
  volume={72},
  number={1865},
  pages={294},
  year={1905}
}

@article{plateau1991stochastic,
  title={Stochastic automata network of modeling parallel systems},
  author={Plateau, Brigitte and Atif, Karim},
  journal={IEEE transactions on software engineering},
  volume={17},
  number={10},
  pages={1093--1108},
  year={1991},
  publisher={IEEE}
}

@article{li2012reachability,
  title={On reachability and controllability of switched Boolean control networks},
  author={Li, Haitao and Wang, Yuzhen},
  journal={Automatica},
  volume={48},
  number={11},
  pages={2917--2922},
  year={2012},
  publisher={Elsevier}
}

@article{li2014stability,
  title={Stability analysis for switched Boolean networks under arbitrary switching signals},
  author={Li, Haitao and Wang, Yuzhen and Liu, Zhenbin},
  journal={IEEE Transactions on Automatic Control},
  volume={59},
  number={7},
  pages={1978--1982},
  year={2014},
  publisher={IEEE}
}

@article{peterson1977petri,
  title={Petri nets},
  author={Peterson, James L},
  journal={ACM Computing Surveys (CSUR)},
  volume={9},
  number={3},
  pages={223--252},
  year={1977},
  publisher={ACM}
}

@inproceedings{abdallah2015exhaustive,
  title={Exhaustive analysis of dynamical properties of biological regulatory networks with answer set programming},
  author={Abdallah, Emna Ben and Folschette, Maxime and Roux, Olivier and Magnin, Morgan},
  booktitle={2015 IEEE International Conference on Bioinformatics and Biomedicine (BIBM)},
  pages={281--285},
  year={2015},
  organization={IEEE}
}

@book{baral2003knowledge,
  title={Knowledge representation, reasoning and declarative problem solving},
  author={Baral, Chitta},
  year={2003},
  publisher={Cambridge university press}
}

@article{samaga2009logic,
  title={The logic of {EGFR/ErbB} signaling: theoretical properties and analysis of high-throughput data},
  author={Samaga, Regina and Saez-Rodriguez, Julio and Alexopoulos, Leonidas G and Sorger, Peter K and Klamt, Steffen},
  journal={PLoS computational biology},
  volume={5},
  number={8},
  pages={e1000438},
  year={2009},
  publisher={Public Library of Science}
}

@article{saez2007logical,
  title={A logical model provides insights into {T} cell receptor signaling},
  author={Saez-Rodriguez, Julio and Simeoni, Luca and Lindquist, Jonathan A and Hemenway, Rebecca and Bommhardt, Ursula and Arndt, Boerge and Haus, Utz-Uwe and Weismantel, Robert and Gilles, Ernst D and Klamt, Steffen and others},
  journal={PLoS computational biology},
  volume={3},
  number={8},
  pages={e163},
  year={2007},
  publisher={Public Library of Science}
}

@article{thieffry1995dynamical,
  title={Dynamical behaviour of biological regulatory networks—II. Immunity control in bacteriophage lambda},
  author={Thieffry, Denis and Thomas, Ren{\'e}},
  journal={Bulletin of mathematical biology},
  volume={57},
  number={2},
  pages={277--297},
  year={1995},
  publisher={Elsevier}
}

@article{clarke2001bounded,
  title={Bounded model checking using satisfiability solving},
  author={Clarke, Edmund and Biere, Armin and Raimi, Richard and Zhu, Yunshan},
  journal={Formal methods in system design},
  volume={19},
  number={1},
  pages={7--34},
  year={2001},
  publisher={Springer}
}

@inproceedings{gebser2016theory,
  title={Theory solving made easy with clingo 5},
  author={Gebser, Martin and Kaminski, Roland and Kaufmann, Benjamin and Ostrowski, Max and Schaub, Torsten and Wanko, Philipp},
  booktitle={OASIcs-OpenAccess Series in Informatics},
  volume={52},
  year={2016},
  organization={Schloss Dagstuhl-Leibniz-Zentrum fuer Informatik}
}
@article{cheng1995complexity,
  title={Complexity results for 1-safe nets},
  author={Cheng, Allan and Esparza, Javier and Palsberg, Jens},
  journal={Theoretical Computer Science},
  volume={147},
  number={1-2},
  pages={117--136},
  year={1995},
  publisher={Elsevier}
}
@article{inoue2014learning,
  title={Learning from interpretation transition},
  author={Inoue, Katsumi and Ribeiro, Tony and Sakama, Chiaki},
  journal={Machine Learning},
  volume={94},
  number={1},
  pages={51--79},
  year={2014},
  publisher={Springer}
}
@misc{chai2018heuristic,
  author = {Xinwei Chai and Morgan Magnin and Olivier Roux},
  title = {A Heuristic for Reachability Problem in Asynchronous Binary Automata Networks},
  year = {2018},
  eprint = {1804.07543},
  note = {arXiv:1804.07543v1}
}
@Article{pauleve2017reduction,
    author = {Paulev{\'e}, Lo{\"i}c},
    title = {Reduction of Qualitative Models of Biological Networks for Transient Dynamics Analysis},
    journal = {IEEE/ACM Transactions on Computational Biology and Bioinformatics},
    year = "2018",
    volume = "15",
    number = "4",
    pages = "1167-1179",
    class = "journal",
    doi = "10.1109/TCBB.2017.2749225",
    keywords = "model reduction ; reachability ; automata networks ; Petri nets ; systems biology",
    pdf = "https://hal.archives-ouvertes.fr/hal-01580765/file/preprint.pdf",
    publisher = "{Institute of Electrical and Electronics Engineers}"
}
@Article{PRNs-TCS18,
    author = {Kol{\v c}{\'a}k, Juraj and {\v S}afr{\'a}nek, David and Haar, Stefan and Paulev{\'e}, Lo{\"i}c},
    title = "{Parameter Space Abstraction and Unfolding Semantics of Discrete Regulatory Networks}",
    journal = "{Theoretical Computer Science}",
    year = "2018",
    note = "In press",
    class = "journal",
    hal_id = "hal-01734805",
    hal_version = "v1",
    keywords = "asynchronous systems ; concurrency ; systems biology ; Boolean networks ; Thomas networks ; parametrised discrete dynamics",
    pdf = "https://hal.archives-ouvertes.fr/hal-01734805/file/preprint.pdf",
    publisher = "{Elsevier}"
}
@article{miltersen2005converting,
  title={On converting {CNF} to {DNF}},
  author={Miltersen, Peter Bro and Radhakrishnan, Jaikumar and Wegener, Ingo},
  journal={Theoretical computer science},
  volume={347},
  number={1-2},
  pages={325--335},
  year={2005},
  publisher={Elsevier}
}
@incollection{clarke2008birth,
  title={The birth of model checking},
  author={Clarke, Edmund M},
  booktitle={25 Years of Model Checking},
  pages={1--26},
  year={2008},
  publisher={Springer}
}
@article{saadatpour2010attractor,
  title={Attractor analysis of asynchronous Boolean models of signal transduction networks},
  author={Saadatpour, Assieh and Albert, Istv{\'a}n and Albert, R{\'e}ka},
  journal={Journal of theoretical biology},
  volume={266},
  number={4},
  pages={641--656},
  year={2010},
  publisher={Elsevier}
}
@article{didier2011mapping,
  title={Mapping multivalued onto Boolean dynamics},
  author={Didier, Gilles and Remy, Elisabeth and Chaouiya, Claudine},
  journal={Journal of theoretical biology},
  volume={270},
  number={1},
  pages={177--184},
  year={2011},
  publisher={Elsevier}
}

@incollection{ribeiro2015learning,
  title={Learning prime implicant conditions from interpretation transition},
  author={Ribeiro, Tony and Inoue, Katsumi},
  booktitle={Inductive Logic Programming},
  pages={108--125},
  year={2015},
  publisher={Springer}
}

@article{shinozaki2003regulatory,
  title={Regulatory network of gene expression in the drought and cold stress responses},
  author={Shinozaki, Kazuo and Yamaguchi-Shinozaki, Kazuko and Seki, Motoaki},
  journal={Current opinion in plant biology},
  volume={6},
  number={5},
  pages={410--417},
  year={2003},
  publisher={Elsevier}
}

@phdthesis{folschette2014modelisation,
  title={Mod{\'e}lisation alg{\'e}brique de la dynamique multi-{\'e}chelles des r{\'e}seaux de r{\'e}gulation biologique},
  author={Folschette, Maxime},
  year={2014},
  school={Ecole Centrale de Nantes (ECN)}
}

@TechReport{pauleve2012process,
    Author = {Paulev{\'e}, Lo{\"i}c and Magnin, Morgan and Roux, Olivier},
    Title = "{From the Process Hitting to Petri Nets and Back}",
    Institution = {ETH Z{\"u}rich},
    Year = "2012",
    Month = "October",
    Number = "hal-00744807",
    Type = "Technical Report",
    Affiliation = "Automatic Control Laboratory - IFA , Institut de Recherche en Communications et en Cybern{\'e}tique de Nantes - IRCCyN",
    Class = "report",
    File = "PHvsPN.pdf:http\://hal.archives-ouvertes.fr/hal-00744807/PDF/PHvsPN.pdf:PDF",
    Language = "English",
    Url = "http://hal.archives-ouvertes.fr/hal-00744807"
}

@inproceedings{clarke1981design,
  title={Design and synthesis of synchronization skeletons using branching time temporal logic},
  author={Clarke, Edmund M and Emerson, E Allen},
  booktitle={Workshop on Logic of Programs},
  pages={52--71},
  year={1981},
  organization={Springer}
}

@inproceedings{queille1982specification,
  title={Specification and verification of concurrent systems in {CESAR}},
  author={Queille, Jean-Pierre and Sifakis, Joseph},
  booktitle={International Symposium on programming},
  pages={337--351},
  year={1982},
  organization={Springer}
}

@incollection{mcmillan1993symbolic,
  title={Symbolic model checking},
  author={McMillan, Kenneth L},
  booktitle={Symbolic Model Checking},
  pages={25--60},
  year={1993},
  publisher={Springer}
}

@article{cimatti2000nusmv,
  title={{NuSMV}: a new symbolic model checker},
  author={Cimatti, Alessandro and Clarke, Edmund and Giunchiglia, Fausto and Roveri, Marco},
  journal={International Journal on Software Tools for Technology Transfer},
  volume={2},
  number={4},
  pages={410--425},
  year={2000},
  publisher={Springer}
}

@inproceedings{brayton1996vis,
  title={{VIS}: A system for verification and synthesis},
  author={Brayton, Robert K and Hachtel, Gary D and Sangiovanni-Vincentelli, Alberto and Somenzi, Fabio and Aziz, Adnan and Cheng, Szu-Tsung and Edwards, Stephen and Khatri, Sunil and Kukimoto, Yuji and Pardo, Abelardo and others},
  booktitle={International conference on computer aided verification},
  pages={428--432},
  year={1996},
  organization={Springer}
}

@InProceedings{Pint,
    author = {Paulev{\'e}, Lo{\"i}c},
    title = {Pint: a static analyzer for transient dynamics of qualitative networks with {IPython} interface},
    booktitle = {CMSB 2017 - 15th conference on Computational Methods for Systems Biology},
    year = "2017",
    volume = "10545",
    series = "Lecture Notes in Computer Science",
    pages = "309--316",
    publisher = "Springer International Publishing",
    class = "conference",
    doi = "10.1007/978-3-319-67471-1\_20",
    owner = "pauleve",
    pdf = "https://hal.archives-ouvertes.fr/hal-01589248/file/pint.pdf",
    timestamp = "2017.06.16",
    url = "http://www.etit.tu-darmstadt.de/cmsb2017/cmsb\_2/index.en.jsp"
}


@inproceedings{fehnker2006goanna,
  title={Goanna—a static model checker},
  author={Fehnker, Ansgar and Huuck, Ralf and Jayet, Patrick and Lussenburg, Michel and Rauch, Felix},
  booktitle={International Workshop on Formal Methods for Industrial Critical Systems},
  pages={297--300},
  year={2006},
  organization={Springer}
}

@article{holzmann1997model,
  title={The model checker {SPIN}},
  author={Holzmann, Gerard J.},
  journal={IEEE Transactions on software engineering},
  volume={23},
  number={5},
  pages={279--295},
  year={1997},
  publisher={IEEE}
}

@inproceedings{ribeiro2018learning,
  title={Learning Dynamics with Synchronous, Asynchronous and General Semantics},
  author={Ribeiro, Tony and Folschette, Maxime and Magnin, Morgan and Roux, Olivier and Inoue, Katsumi},
  booktitle={the 28th International Conference on Inductive Logic Programming},
  year={2018}
}

@article{vorobyov2010comparing,
  title={Comparing model checking and static program analysis: A case study in error detection approaches},
  author={Vorobyov, Kostyantyn and Krishnan, Padmanabhan},
  journal={proceedings of 5th International Conference on Systems Software Verification, Vancouver, Canada},
  pages={1--7},
  year={2010}
}

@book{smarandache2003alternatives,
  title={Alternatives To {Pearson}’s and {Spearman}’s Correlation Coefficients},
  author={Smarandache, Florentin},
  year={2003},
  publisher={Infinite Study}
}

@article{hauke2011comparison,
  title={Comparison of values of {Pearson}'s and {Spearman}'s correlation coefficients on the same sets of data},
  author={Hauke, Jan and Kossowski, Tomasz},
  journal={Quaestiones geographicae},
  volume={30},
  number={2},
  pages={87--93},
  year={2011},
  publisher={Versita}
}

@article{de2004discovery,
  title={Discovery of meaningful associations in genomic data using partial correlation coefficients},
  author={De La Fuente, Alberto and Bing, Nan and Hoeschele, Ina and Mendes, Pedro},
  journal={Bioinformatics},
  volume={20},
  number={18},
  pages={3565--3574},
  year={2004},
  publisher={Oxford University Press}
}

@article{hull1927correlation,
  title={The correlation coefficient and its prognostic significance},
  author={Hull, Clark L},
  journal={The Journal of Educational Research},
  volume={15},
  number={5},
  pages={327--338},
  year={1927},
  publisher={Taylor \& Francis}
}

@inproceedings{inoue2011logic,
  title={Logic programming for Boolean networks},
  author={Inoue, Katsumi},
  booktitle={IJCAI proceedings-international joint conference on artificial intelligence},
  volume={22},
  pages={924},
  year={2011}
}

@inproceedings{DMTRICLP15,
  title={Learning probabilistic action models from interpretation transitions},
  author={Mart{\'\i}nez Mart{\'\i}nez, David and Ribeiro, Tony and Inoue, Katsumi and Aleny{\`a} Ribas, Guillem and Torras, Carme},
  booktitle={Proceedings of the Technical Communications of the 31st International Conference on Logic Programming (ICLP 2015)},
  pages={1--14},
  year={2015}
}

@article{nguyen2011model,
  title={Model learning for robot control: a survey},
  author={Nguyen-Tuong, Duy and Peters, Jan},
  journal={Cognitive processing},
  volume={12},
  number={4},
  pages={319--340},
  year={2011},
  publisher={Springer}
}

@inproceedings{foerster2016learning,
  title={Learning to communicate with deep multi-agent reinforcement learning},
  author={Foerster, Jakob and Assael, Ioannis Alexandros and de Freitas, Nando and Whiteson, Shimon},
  booktitle={Advances in Neural Information Processing Systems},
  pages={2137--2145},
  year={2016}
}

@inproceedings{PAK13-CAV,
  title={Under-approximating cut sets for reachability in large scale automata networks},
  author={Paulev{\'e}, Lo{\"\i}c and Andrieux, Geoffroy and Koeppl, Heinz},
  booktitle={International Conference on Computer Aided Verification},
  pages={69--84},
  year={2013},
  organization={Springer}
}

@article{khalis2009smbionet,
  title={The {SMBioNet} method for discovering models of gene regulatory networks},
  author={Khalis, Zohra and Comet, Jean-Paul and Richard, Adrien and Bernot, Gilles},
  journal={Genes, genomes and genomics},
  volume={3},
  number={1},
  pages={15--22},
  year={2009},
  publisher={Global Science Books}
}

@article{borror2001practical,
  title={Practical Nonparametric Statistics},
  author={Borror, Connie M},
  journal={Journal of Quality Technology},
  volume={33},
  number={2},
  pages={260},
  year={2001},
  publisher={Taylor \& Francis Ltd.}
}

@article{baba2004partial,
  title={Partial correlation and conditional correlation as measures of conditional independence},
  author={Baba, Kunihiro and Shibata, Ritei and Sibuya, Masaaki},
  journal={Australian \& New Zealand Journal of Statistics},
  volume={46},
  number={4},
  pages={657--664},
  year={2004},
  publisher={Wiley Online Library}
}

@article{glass1973logical,
  title={The logical analysis of continuous, non-linear biochemical control networks},
  author={Glass, Leon and Kauffman, Stuart A},
  journal={Journal of theoretical Biology},
  volume={39},
  number={1},
  pages={103--129},
  year={1973},
  publisher={Elsevier}
}

@article{snoussi1989qualitative,
  title={Qualitative dynamics of piecewise-linear differential equations: a discrete mapping approach},
  author={Snoussi, El Houssine},
  journal={Dynamics and stability of Systems},
  volume={4},
  number={3-4},
  pages={565--583},
  year={1989},
  publisher={Taylor \& Francis}
}

@book{thomas1990biological,
  title={Biological feedback},
  author={Thomas, Ren{\'e} and d'Ari, Richard},
  year={1990},
  publisher={CRC press}
}

@article{huelsenbeck2001mrbayes,
  title={{MRBAYES}: Bayesian inference of phylogenetic trees},
  author={Huelsenbeck, John P and Ronquist, Fredrik},
  journal={Bioinformatics},
  volume={17},
  number={8},
  pages={754--755},
  year={2001},
  publisher={Oxford University Press}
}

@article{larget1999markov,
  title={Markov chain Monte Carlo algorithms for the Bayesian analysis of phylogenetic trees},
  author={Larget, Bret and Simon, Donald L},
  journal={Molecular biology and evolution},
  volume={16},
  number={6},
  pages={750--759},
  year={1999},
  publisher={Chicago, Ill.: University of Chicago Press, c1983-}
}

@inproceedings{wang2015sreach,
  title={{SReach}: A probabilistic bounded delta-reachability analyzer for stochastic hybrid systems},
  author={Wang, Qinsi and Zuliani, Paolo and Kong, Soonho and Gao, Sicun and Clarke, Edmund M},
  booktitle={International Conference on Computational Methods in Systems Biology},
  pages={15--27},
  year={2015},
  organization={Springer}
}

@inproceedings{lincoln2004symbolic,
  title={Symbolic systems biology: Hybrid modeling and analysis of biological networks},
  author={Lincoln, Patrick and Tiwari, Ashish},
  booktitle={International Workshop on Hybrid Systems: Computation and Control},
  pages={660--672},
  year={2004},
  organization={Springer}
}

@article{singhania2011hybrid,
  title={A hybrid model of mammalian cell cycle regulation},
  author={Singhania, Rajat and Sramkoski, R Michael and Jacobberger, James W and Tyson, John J},
  journal={PLoS computational biology},
  volume={7},
  number={2},
  pages={e1001077},
  year={2011},
  publisher={Public Library of Science}
}

@article{pinney2003petri,
  title={Petri Net representations in systems biology},
  author={Pinney, John W and Westhead, David R and McConkey, Glenn A},
  journal={Biochemical Society Transactions},
  volume={31},
  number={6},
  pages={1513--1515},
  year={2003},
  publisher={Portland Press Limited}
}

@inproceedings{yamamoto2014completing,
  title={Completing {SBGN-AF} networks by logic-based hypothesis finding},
  author={Yamamoto, Yoshitaka and Rougny, Adrien and Nabeshima, Hidetomo and Inoue, Katsumi and Moriya, Hisao and Froidevaux, Christine and Iwanuma, Koji},
  booktitle={International Conference on Formal Methods in Macro-Biology},
  pages={165--179},
  year={2014},
  organization={Springer}
}

@inproceedings{hardin1997new,
  title={A new heuristic for bad cycle detection using {BDDs}},
  author={Hardin, RH and Kurshan, RP and Shukla, SK and Vardi, MY},
  booktitle={International Conference on Computer Aided Verification},
  pages={268--278},
  year={1997},
  organization={Springer}
}

@article{rocca2014asp,
  title={{ASP} for construction and validation of regulatory biological networks},
  author={Rocca, Alexandre and Mobilia, Nicolas and Fanchon, {\'E}ric and Ribeiro, Tony and Trilling, Laurent and Inoue, Katsumi},
  journal={Logical Modeling of Biological Systems},
  pages={167--206},
  year={2014},
  publisher={Wiley Online Library}
}

@inproceedings{chatain2018boolean,
  title={Boolean Networks: Beyond Generalized Asynchronicity},
  author={Chatain, Thomas and Haar, Stefan and Paulev{\'e}, Lo{\"\i}c},
  booktitle={International Workshop on Cellular Automata and Discrete Complex Systems},
  pages={29--42},
  year={2018},
  organization={Springer}
}

@phdthesis{dimitrova2006polynomial,
  title={Polynomial models for systems biology: Data discretization and term order effect on dynamics},
  author={Dimitrova, Elena Stanimirova},
  year={2006},
  school={Virginia Tech}
}

@article{friedman2000using,
  title={Using {Bayesian} networks to analyze expression data},
  author={Friedman, Nir and Linial, Michal and Nachman, Iftach and Pe'er, Dana},
  journal={Journal of computational biology},
  volume={7},
  number={3-4},
  pages={601--620},
  year={2000},
  publisher={Mary Ann Liebert, Inc.}
}

@article{dubrova2011sat,
  title={A {SAT}-based algorithm for finding attractors in synchronous {Boolean} networks},
  author={Dubrova, Elena and Teslenko, Maxim},
  journal={IEEE/ACM transactions on computational biology and bioinformatics},
  volume={8},
  number={5},
  pages={1393--1399},
  year={2011},
  publisher={IEEE}
}

@inproceedings{harvey1997time,
  title={Time out of joint: Attractors in asynchronous random {Boolean} networks},
  author={Harvey, Inman and Bossomaier, Terry},
  booktitle={Proceedings of the Fourth European Conference on Artificial Life},
  pages={67--75},
  year={1997},
  organization={MIT Press, Cambridge}
}

@article{smith1972real,
  title={Real-time language recognition by one-dimensional cellular automata},
  author={Smith III, Alvy Ray},
  journal={Journal of Computer and System Sciences},
  volume={6},
  number={3},
  pages={233--253},
  year={1972},
  publisher={Elsevier}
}

@article{opgen2007correlation,
  title={From correlation to causation networks: a simple approximate learning algorithm and its application to high-dimensional plant gene expression data},
  author={Opgen-Rhein, Rainer and Strimmer, Korbinian},
  journal={BMC systems biology},
  volume={1},
  number={1},
  pages={37},
  year={2007},
  publisher={BioMed Central}
}

@inproceedings{rodrigues2011active,
  title={Active learning of relational action models},
  author={Rodrigues, Christophe and G{\'e}rard, Pierre and Rouveirol, C{\'e}line and Soldano, Henry},
  booktitle={International Conference on Inductive Logic Programming},
  pages={302--316},
  year={2011},
  organization={Springer}
}

@article{bonneau2006inferelator,
  title={The {Inferelator}: an algorithm for learning parsimonious regulatory networks from systems-biology data sets de novo},
  author={Bonneau, Richard and Reiss, David J and Shannon, Paul and Facciotti, Marc and Hood, Leroy and Baliga, Nitin S and Thorsson, Vesteinn},
  journal={Genome biology},
  volume={7},
  number={5},
  pages={R36},
  year={2006},
  publisher={BioMed Central}
}

@article{von2000segment,
  title={The segment polarity network is a robust developmental module},
  author={Von Dassow, George and Meir, Eli and Munro, Edwin M and Odell, Garrett M},
  journal={Nature},
  volume={406},
  number={6792},
  pages={188},
  year={2000},
  publisher={Nature Publishing Group}
}

@inproceedings{ribeiro2017inductive,
  title={Inductive learning from state transitions over continuous domains},
  author={Ribeiro, Tony and Tourret, Sophie and Folschette, Maxime and Magnin, Morgan and Borzacchiello, Domenico and Chinesta, Francisco and Roux, Olivier and Inoue, Katsumi},
  booktitle={International Conference on Inductive Logic Programming},
  pages={124--139},
  year={2017},
  organization={Springer}
}

@article{schaffter2011genenetweaver,
  title={{GeneNetWeaver}: in silico benchmark generation and performance profiling of network inference methods},
  author={Schaffter, Thomas and Marbach, Daniel and Floreano, Dario},
  journal={Bioinformatics},
  volume={27},
  number={16},
  pages={2263--2270},
  year={2011},
  publisher={Oxford University Press}
}

@article{harel2002complexity,
  title={On the complexity of verifying concurrent transition systems},
  author={Harel, David and Kupferman, Orna and Vardi, Moshe Y},
  journal={Information and Computation},
  volume={173},
  number={2},
  pages={143--161},
  year={2002},
  publisher={Elsevier}
}

@inproceedings{chai2018reach,
  title={Static Analysis and Stochastic Search for Reachability Problem},
  author={Chai, Xinwei and Ribeiro, Tony and Magnin, Morgan and Roux, Olivier  and Inoue, Katsumi},
  booktitle={9th Static Analysis in Systems Biology, affiliated with Static Analysis Symposium},
  note ={In press},
  year={2018}
}

@unpublished{chai2018using,
  title={Using Reachability Properties of Logic Program for Revising Biological Models},
  author={Chai, Xinwei and Ribeiro, Tony and Magnin, Morgan and Roux, Olivier and Inoue, Katsumi},
  note={Work in Progress of International Conference on Inductive Logic Programming},
  year={2018}
}

@article{glass1975classification,
  title={Classification of biological networks by their qualitative dynamics},
  author={Glass, Leon},
  journal={Journal of Theoretical Biology},
  volume={54},
  number={1},
  pages={85--107},
  year={1975},
  publisher={Elsevier}
}

@article{mochida2018statistical,
  title={Statistical and machine learning approaches to predict gene regulatory networks from transcriptome datasets},
  author={Mochida, Keiichi and Koda, Satoru and Inoue, Komaki and Nishii, Ryuei},
  journal={Frontiers in Plant Science},
  volume={9},
  pages={1770},
  year={2018},
  publisher={Frontiers}
}
